<record><leader>00000cas a2200000 a 4500</leader><controlfield tag="001">47741443</controlfield><controlfield tag="008">010808d19881993iluwr ne      0    0eng c</controlfield><datafield ind1=" " ind2=" " tag="010"><subfield code="a">sn2001063243</subfield></datafield><datafield ind1=" " ind2=" " tag="040"><subfield code="a">NVF</subfield><subfield code="b">eng</subfield><subfield code="c">NVF</subfield><subfield code="d">NVF</subfield><subfield code="d">OCLCQ</subfield><subfield code="d">OCLCF</subfield><subfield code="d">OCLCO</subfield></datafield><datafield ind1="1" ind2=" " tag="029"><subfield code="a">AU@</subfield><subfield code="b">000022914993</subfield></datafield><datafield ind1=" " ind2=" " tag="042"><subfield code="a">pcc</subfield></datafield><datafield ind1=" " ind2=" " tag="043"><subfield code="a">n-us-il</subfield></datafield><datafield ind1="0" ind2=" " tag="130"><subfield code="a">Tremont news (Tremont, Ill. : 1988)</subfield></datafield><datafield ind1="1" ind2="4" tag="245"><subfield code="a">The Tremont news.</subfield></datafield><datafield ind1=" " ind2=" " tag="260"><subfield code="a">Tremont, Ill. :</subfield><subfield code="b">James and Susan Sommer,</subfield><subfield code="c">1988-1993.</subfield></datafield><datafield ind1=" " ind2=" " tag="300"><subfield code="a">v.</subfield></datafield><datafield ind1=" " ind2=" " tag="310"><subfield code="a">Weekly</subfield></datafield><datafield ind1="0" ind2=" " tag="362"><subfield code="a">Vol. 1, no. 1 (Jan. 14, 1988)-v. 6, no. 11 (Mar. 18, 1993).</subfield></datafield><datafield ind1=" " ind2=" " tag="530"><subfield code="a">Preservation microfilmed by the University of Illinois at Urbana-Champaign Library as part of the United States Newspaper Program; the years 1988-1993 (on 3 microfilm reels) are available for purchase from OCLC Preservation Service Centers.</subfield></datafield><datafield ind1=" " ind2="0" tag="651"><subfield code="a">Tremont (Tazewell County, Ill.)</subfield><subfield code="v">Newspapers.</subfield></datafield><datafield ind1=" " ind2="7" tag="655"><subfield code="a">Newspapers.</subfield><subfield code="2">fast</subfield><subfield code="0">(OCoLC)fst01423814</subfield></datafield><datafield ind1=" " ind2="7" tag="651"><subfield code="a">Illinois</subfield><subfield code="z">Tremont (Tazewell County)</subfield><subfield code="2">fast</subfield><subfield code="0">(OCoLC)fst01319438</subfield></datafield><datafield ind1=" " ind2=" " tag="752"><subfield code="a">United States</subfield><subfield code="b">Illinois</subfield><subfield code="c">Tazewell</subfield><subfield code="d">Tremont.</subfield></datafield><datafield ind1="0" ind2="0" tag="780"><subfield code="t">Times in Tremont</subfield><subfield code="w">(DLC)sn2001063242</subfield><subfield code="w">(OCoLC)47738282</subfield></datafield><datafield ind1="0" ind2="0" tag="785"><subfield code="t">Tremont news prairie chronicle</subfield><subfield code="w">(DLC)sn2001063244</subfield><subfield code="w">(OCoLC)47742683</subfield></datafield></record>